@MSISC{126_sm_facts,
	title  = {126 Amazing Social Media Statistics and Facts},
	author = {Kit Smith},
	year   = {2019},
	note   = {[Accessed on: October 10, 2020]},
	url    = {https://www.brandwatch.com/blog/amazing-social-media-statistics-and-facts/}	
}

@MSISC{47_sm_facts,
	title  = {47 Social Media Facts To Blow Your Mind},
	author = {Dan Shewan},
	year   = {2019},
	note   = {[Accessed on: October 10, 2020]},
	url    = {https://www.wordstream.com/blog/ws/2015/11/13/social-media-facts}	
}

@article{gao2020mental,
	title={Mental health problems and social media exposure during COVID-19 outbreak},
	author={Gao, Junling and Zheng, Pinpin and Jia, Yingnan and Chen, Hao and Mao, Yimeng and Chen, Suhong and Wang, Yi and Fu, Hua and Dai, Junming},
	journal={Plos one},
	volume={15},
	number={4},
	pages={e0231924},
	year={2020},
	publisher={Public Library of Science San Francisco, CA USA}
}

@article{kelly2018social,
	title={Social media use and adolescent mental health: Findings from the UK Millennium Cohort Study},
	author={Kelly, Yvonne and Zilanawala, Afshin and Booker, Cara and Sacker, Amanda},
	journal={EClinicalMedicine},
	volume={6},
	pages={59--68},
	year={2018},
	publisher={Elsevier}
}

@article{underwood2017power,
	title={The power and the pain of adolescents’ digital communication: Cyber victimization and the perils of lurking.},
	author={Underwood, Marion K and Ehrenreich, Samuel E},
	journal={American Psychologist},
	volume={72},
	number={2},
	pages={144},
	year={2017},
	publisher={American Psychological Association},
}

@article{scott2018fear,
	title={Fear of missing out and sleep: Cognitive behavioural factors in adolescents' nighttime social media use},
	author={Scott, Holly and Woods, Heather Cleland},
	journal={Journal of adolescence},
	volume={68},
	pages={61--65},
	year={2018},
	publisher={Elsevier},
}

@article{barry2017adolescent,
	title={Adolescent social media use and mental health from adolescent and parent perspectives},
	author={Barry, Christopher T and Sidoti, Chloe L and Briggs, Shanelle M and Reiter, Shari R and Lindsey, Rebecca A},
	journal={Journal of adolescence},
	volume={61},
	pages={1--11},
	year={2017},
	publisher={Elsevier},
}


@article{gkotsis2017characterisation,
	title={Characterisation of mental health conditions in social media using Informed Deep Learning},
	author={Gkotsis, George and Oellrich, Anika and Velupillai, Sumithra and Liakata, Maria and Hubbard, Tim JP and Dobson, Richard JB and Dutta, Rina},
	journal={Scientific reports},
	volume={7},
	pages={45141},
	year={2017},
	publisher={Nature Publishing Group}
}


@article{o2018social,
	title={Is social media bad for mental health and wellbeing? Exploring the perspectives of adolescents},
	author={O’Reilly, Michelle and Dogra, Nisha and Whiteman, Natasha and Hughes, Jason and Eruyar, Seyda and Reilly, Paul},
	journal={Clinical child psychology and psychiatry},
	volume={23},
	number={4},
	pages={601--613},
	year={2018},
	publisher={SAGE Publications Sage UK: London, England}
}

@article{dogra2012nigerian,
	title={Nigerian secondary school children’s knowledge of and attitudes to mental health and illness},
	author={Dogra, Nisha and Omigbodun, Olayinka and Adedokun, Tunde and Bella, Tolulope and Ronzoni, Pablo and Adesokan, Adekunle},
	journal={Clinical child psychology and psychiatry},
	volume={17},
	number={3},
	pages={336--353},
	year={2012},
	publisher={Sage Publications Sage UK: London, England}
}


@book{boyd2014s,
	title={It's complicated: The social lives of networked teens},
	author={Boyd, Danah},
	year={2014},
	publisher={Yale University Press}
}

@article{allen2014social,
	title={Social media use and social connectedness in adolescents: The positives and the potential pitfalls.},
	author={Allen, Kelly A and Ryan, Tracii and Gray, DeLeon L and McInerney, Dennis M and Waters, Lea},
	journal={Australian Educational \& Developmental Psychologist},
	volume={31},
	number={1},
	year={2014}
}

@book{van2013culture,
	title={The culture of connectivity: A critical history of social media},
	author={Van Dijck, Jos{\'e}},
	year={2013},
	publisher={Oxford University Press}
}

@article{baker2008blogging,
	title={Blogging as a social tool: A psychosocial examination of the effects of blogging},
	author={Baker, James R and Moore, Susan M},
	journal={CyberPsychology \& Behavior},
	volume={11},
	number={6},
	pages={747--749},
	year={2008},
	publisher={Mary Ann Liebert, Inc. 140 Huguenot Street, 3rd Floor New Rochelle, NY 10801~…}
}

@article{kraut1998internet,
	title={Internet paradox: A social technology that reduces social involvement and psychological well-being?},
	author={Kraut, Robert and Patterson, Michael and Lundmark, Vicki and Kiesler, Sara and Mukophadhyay, Tridas and Scherlis, William},
	journal={American psychologist},
	volume={53},
	number={9},
	pages={1017},
	year={1998},
	publisher={American Psychological Association}
}

@article{espinoza2011pervasiveness,
	title={The pervasiveness, connectedness, and intrusiveness of social network site use among young adolescents},
	author={Espinoza, Guadalupe and Juvonen, Jaana},
	journal={Cyberpsychology, Behavior, and Social Networking},
	volume={14},
	number={12},
	pages={705--709},
	year={2011},
	publisher={Mary Ann Liebert, Inc. 140 Huguenot Street, 3rd Floor New Rochelle, NY 10801 USA}
}

@article{kraut2002internet,
	title={Internet paradox revisited},
	author={Kraut, Robert and Kiesler, Sara and Boneva, Bonka and Cummings, Jonathon and Helgeson, Vicki and Crawford, Anne},
	journal={Journal of social issues},
	volume={58},
	number={1},
	pages={49--74},
	year={2002},
	publisher={Wiley Online Library}
}

@article{bessiere2008effects,
	title={Effects of Internet use and social resources on changes in depression},
	author={Bessiere, Katherine and Kiesler, Sara and Kraut, Robert and Boneva, Bonka S},
	journal={Information, Community \& Society},
	volume={11},
	number={1},
	pages={47--70},
	year={2008},
	publisher={Taylor \& Francis}
}

@article{mesch2009parental,
	title={Parental mediation, online activities, and cyberbullying},
	author={Mesch, Gustavo S},
	journal={CyberPsychology \& Behavior},
	volume={12},
	number={4},
	pages={387--393},
	year={2009},
	publisher={Mary Ann Liebert, Inc. 140 Huguenot Street, 3rd Floor New Rochelle, NY 10801 USA}
}

@article{ehrenreich2016adolescents,
	title={Adolescents’ internalizing symptoms as predictors of the content of their Facebook communication and responses received from peers.},
	author={Ehrenreich, Samuel E and Underwood, Marion K},
	journal={Translational issues in psychological science},
	volume={2},
	number={3},
	pages={227},
	year={2016},
	publisher={Educational Publishing Foundation}
}

@article{frison2016short,
	title={The short-term longitudinal and reciprocal relations between peer victimization on Facebook and adolescents’ well-being},
	author={Frison, Eline and Subrahmanyam, Kaveri and Eggermont, Steven},
	journal={Journal of youth and adolescence},
	volume={45},
	number={9},
	pages={1755--1771},
	year={2016},
	publisher={Springer}
}

@MSISC{influencers,
	title  = {20 INFLUENCER MARKETING STATISTICS THAT WILL SURPRISE YOU},
	author = {{Digital Marketing Institute}},
	year   = {2020},
	note   = {[Accessed on: October 17, 2020]},
	url    = {https://digitalmarketinginstitute.com/blog/20-influencer-marketing-statistics-that-will-surprise-you}	
}
